@misc{site1,
 author = {David Louapre},
 title = {La mystérieuse équation de Stokes }},
 howpublished = "\url{https://scienceetonnante.com/2014/03/03/la-mysterieuse-equation-de-navier-stokes/}"
}

@article{menand2020introduction,
  title={Introduction {\`a} la dynamique des fluides visqueux},
  author={Menand, Thierry},
  year={2020}
}

@phdthesis{schafer2007modelisation,
  title={MOD{\'E}LISATION DE L'ECOULEMENT DES GLACIERS TEMP{\'E}R{\'E}S},
  author={Sch{\"a}fer, Martina},
  year={2007},
  school={Universit{\'e} Joseph-Fourier-Grenoble I}
}

@article{seroussi_morlighem_rignot_khazendar_larour_mouginot_2013, title={Dependence of century-scale projections of the Greenland ice sheet on its thermal regime}, volume={59}, DOI={10.3189/2013JoG13J054}, number={218}, journal={Journal of Glaciology}, publisher={Cambridge University Press}, author={Seroussi, H. and Morlighem, M. and Rignot, E. and Khazendar, A. and Larour, E. and Mouginot, J.}, year={2013}, pages={1024–1034}}

@misc{site3,
 author = {Robin Chatelin},
 title = {Méthodes numériques pour l’écoulement de Stokes 3D }},
 howpublished = "\url{https://tel.archives-ouvertes.fr/tel-00946993/document}"
}



@misc{site2,
 author = {Ludovic Räss and Mauro},
 title = {Solving differential equations in parallel with Julia }},
 howpublished = "\url{https://github.com/luraess/julia-parallel-course-EGU21}"
}

@article{charbit2008amount,
  title={Amount of CO2 emissions irreversibly leading to the total melting of Greenland},
  author={Charbit, Sylvie and Paillard, D and Ramstein, G},
  journal={Geophysical Research Letters},
  volume={35},
  number={12},
  pages={n--an},
  year={2008}
}

